%% This BibTeX bibliography file was created using BibDesk.
%% http://bibdesk.sourceforge.net/

%% Created for Jack Frankland at 2017-12-31 12:22:55 +0000 


%% Saved with string encoding Unicode (UTF-8) 



@article{duane_kennedy_pendleton_roweth_1987,
	Author = {Duane, Simon and Kennedy, A.d. and Pendleton, Brian J. and Roweth, Duncan},
	Date-Added = {2017-12-31 12:22:50 +0000},
	Date-Modified = {2017-12-31 12:22:50 +0000},
	Doi = {10.1016/0370-2693(87)91197-x},
	Journal = {Physics Letters B},
	Number = {2},
	Pages = {216--222},
	Title = {Hybrid Monte Carlo},
	Volume = {195},
	Year = {1987},
	Bdsk-Url-1 = {https://dx.doi.org/10.1016/0370-2693(87)91197-x}}

@article{davies,
	Author = {Davies, Christine},
	Date-Added = {2017-12-28 12:55:06 +0000},
	Date-Modified = {2017-12-28 12:57:10 +0000},
	Doi = {10.1887/0750308672/b1133c3},
	Journal = {Heavy Flavour Physics},
	Title = {Lattice QCD},
	Year = {2005},
	Bdsk-Url-1 = {https://dx.doi.org/10.1887/0750308672/b1133c3}}

@article{wolff_2004,
	Author = {Wolff, Ulli},
	Date-Added = {2017-12-28 12:50:05 +0000},
	Date-Modified = {2017-12-28 12:50:05 +0000},
	Doi = {10.1016/s0010-4655(03)00467-3},
	Journal = {Computer Physics Communications},
	Number = {2},
	Pages = {143--153},
	Title = {Monte Carlo errors with less errors},
	Volume = {156},
	Year = {2004},
	Bdsk-Url-1 = {https://dx.doi.org/10.1016/s0010-4655(03)00467-3}}

@article{gupta_irbac_karsch_petersson_1990,
	Date-Added = {2017-12-28 12:44:51 +0000},
	Date-Modified = {2017-12-28 12:48:36 +0000},
	Doi = {10.1016/0370-2693(90)91790-i},
	Journal = {Physics Letters B},
	Number = {3-4},
	Pages = {437--443},
	Read = {0},
	Title = {The acceptance probability in the hybrid Monte Carlo method},
	Volume = {242},
	Year = {1990},
	Bdsk-Url-1 = {https://dx.doi.org/10.1016/0370-2693(90)91790-i}}

@book{brooks_2011,
	Author = {Brooks, Steve},
	Date-Added = {2017-12-28 12:16:03 +0000},
	Date-Modified = {2017-12-28 12:16:03 +0000},
	Place = {Boca Raton},
	Publisher = {CRC Press/Taylor & Francis},
	Title = {Handbook of Markov chain Monte Carlo},
	Year = {2011}}

@article{neal_2011,
	Author = {Neal, Radford},
	Date-Added = {2017-12-28 12:14:36 +0000},
	Date-Modified = {2017-12-28 12:14:36 +0000},
	Doi = {10.1201/b10905-6},
	Journal = {Chapman & Hall/CRC Handbooks of Modern Statistical Methods Handbook of Markov Chain Monte Carlo},
	Month = {Oct},
	Title = {MCMC Using Hamiltonian Dynamics},
	Year = {2011},
	Bdsk-Url-1 = {https://dx.doi.org/10.1201/b10905-6}}

@article{blankenbecler_degrand_sugar_1980,
	Author = {Blankenbecler, R. and Degrand, T. and Sugar, R. L.},
	Date-Added = {2017-12-28 12:12:23 +0000},
	Date-Modified = {2017-12-28 12:12:23 +0000},
	Doi = {10.1103/physrevd.21.1055},
	Journal = {Physical Review D},
	Number = {4},
	Pages = {1055--1061},
	Title = {Moment method for eigenvalues and expectation values},
	Volume = {21},
	Year = {1980},
	Bdsk-Url-1 = {https://dx.doi.org/10.1103/physrevd.21.1055}}

@article{creutz_freedman_1981,
	Author = {Creutz, M and Freedman, B},
	Date-Added = {2017-12-28 12:11:14 +0000},
	Date-Modified = {2017-12-28 12:11:14 +0000},
	Doi = {10.1016/0003-4916(81)90074-9},
	Journal = {Annals of Physics},
	Number = {2},
	Pages = {427--462},
	Title = {A statistical approach to quantum mechanics},
	Volume = {132},
	Year = {1981},
	Bdsk-Url-1 = {https://dx.doi.org/10.1016/0003-4916(81)90074-9}}
